 @misc{apple_support_2021, title={Unlock your iPhone with Apple Watch when you're wearing a face mask}, url={https://support.apple.com/en-us/HT212208}, journal={Apple Support}, publisher={Apple}, author={Apple, Support}, year={2021}, month={Apr}}
 
 @misc{apple_2021, title={AirTag}, url={https://www.apple.com/airtag}, journal={Apple}, publisher={Apple}, author={Apple}, year={2021}, month={Apr}} 