@article{edsgcl.64787209220210109,
	Abstract = {Florian Gaertner via Getty Images As many have said: that escalated steadily and predictably. Days after groups of Trump supporters stormed Capitol Hill in riots that left five people dead [...]},
Journal = {Engadget HD (Blogs on Demand)},
Keywords = {Online information service, Twitter (Online social network), Online information services, Information services, Online services, News agencies, Amazon.com Inc., The Associated Press, United States, Trump, Donald},
	Title = {The Morning After: Twitter really banned Donald Trump.},
	URL = {https://umasslowell.idm.oclc.org/login?		url=http://search.ebscohost.com/login.aspx?direct=true&db=edsggo&AN=edsgcl.647872092&site=eds-live},
Year = {2021},
}

@article{edsgcl.64530890420200101,
    Abstract = {Robinhood faces legal action after a US securities regulator accused it of employing video game tactics to draw young people into investing more money on the app. The [...]},
Journal = {The Telegraph Online},
Keywords = {Facebook (Online social network), Retail industry},
    Title = {Robinhood under fire for using video game tactics to encourage investors; The mobile app exploded in popularity this year thanks to a boom in retail trading.},
    URL = {https://umasslowell.idm.oclc.org/login?url=http://search.ebscohost.com/login.aspx?direct=true&db=edsgbc&AN=edsgcl.645308904&site=eds-live},
Year = {2020},
}