 @misc{roose_2021, title={The robots are coming for phil in accounting}, url={https://www.nytimes.com/2021/03/06/business/the-robots-are-coming-for-phil-in-accounting.html}, author={Roose, Kevin}, year={2021}, month={Mar}} 