@misc{rogan_2019, url={https://www.youtube.com/watch?v=hS9wOdenEys}, journal={YouTube / Andrew Yang Makes the Case for Universal Basic Income on Joe Rogan}, publisher={YouTube}, author={Rogan, Joe}, year={2019}, month={Mar}}

@misc{the_social_dilemma_2020, url={https://www.netflix.com/watch/81254224?trackId=14751297&tctx=6,0,754f67ad-f43e-4052-b1a1-ca00b6d56f2b-119261038,336528ea-bf8a-4171-a8fb-cf7cc77698ce_18935917X55XX1617760143891,,}, journal={The Social Dilemma }, publisher={Netflix}, year={2020}, month={Sep}}