 @misc{bloomenthal_2020, title={A Look at Venmo's Business Model and Competition}, url={https://www.investopedia.com/articles/personal-finance/010715/venmo-its-business-model-and-competition.asp}, journal={Investopedia}, publisher={Investopedia}, author={Bloomenthal, Andrew}, year={2020}, month={Aug}} 
 
 @misc{coulibaly_2019, title={How Much Does a Billboard Cost to Own?}, url={https://movia.media/moving-billboard-blog/how-much-does-a-billboard-cost-to-own/}, journal={Moving Billboard Advertising}, publisher={Movia}, author={Coulibaly, Nadia}, year={2019}, month={Jun}} 
 
 @misc{cussen_2020, title={What is Square, Inc?}, url={https://www.investopedia.com/articles/tech/021017/square.asp}, journal={Investopedia}, publisher={Investopedia}, author={Cussen, Mark P.}, year={2020}, month={Aug}} 
 
  @misc{deoca_2020, title={The Toys "R" Us Closing story: Company Forensics}, url={https://slidebean.com/blog/startups-toys-r-us-closing-story}, journal={Pitch Deck Design}, author={DeOca, Bernardo Montes}, year={2020}, month={Apr}} 
 
 @misc{eckstein_2020, title={How Square's Cash App Makes Money}, url={https://www.investopedia.com/articles/company-insights/090916/how-square-cash-works-and-makes-money-sq.asp}, journal={Investopedia}, publisher={Investopedia}, author={Eckstein, Jakob}, year={2020}, month={Aug}} 
 
 @misc{larkin_2020, title={Is Apple Pay Safe?}, url={https://www.investopedia.com/ask/answers/112515/apple-pay-safe-and-free.asp}, journal={Investopedia}, publisher={Investopedia}, author={Larkin, Ciara}, year={2020}, month={Dec}} 
 
 @misc{miller_2019, title={These were the most-downloaded apps and games of the decade}, url={https://9to5mac.com/2019/12/16/apps-and-games-of-the-decade/}, journal={9to5Mac}, publisher={9to5Mac}, author={Miller, Chance}, year={2019}, month={Dec}} 
 
 @misc{news_2014, title={Twitter 2.0: Everything You Need to Know About the New Changes}, url={https://www.foxnews.com/tech/twitter-2-0-everything-you-need-to-know-about-the-new-changes}, journal={Fox News}, publisher={FOX News Network}, author={News, Fox}, year={2014}, month={Dec}} 
 
 @misc{reiff_2021, title={How Twitter Makes Money: advertising comprises the bulk of revenue}, url={https://www.investopedia.com/ask/answers/120114/how-does-twitter-twtr-make-money.asp}, journal={Investopedia}, publisher={Investopedia}, author={Reiff, Nathan}, year={2021}, month={Feb}} 
 
 @misc{siemasko_2013, title={Billboards for Small Businesses: Costs, Advice, and Thinking Twice}, url={https://grasshopper.com/blog/billboards-for-small-businesses-7-reasons-to-think-twice/}, journal={Grasshopper Virtual Phone System}, publisher={Grasshopper/Founder of Stories by Emma}, author={Siemasko, Emma}, year={2013}, month={Dec}} 
 
 @misc{sorensen_2019, title={Cash register vs. POS system â€“ what's the difference?}, url={https://www.mobiletransaction.org/cash-register-vs-pos-system/}, journal={Mobile Transaction}, publisher={Polynia Limited}, author={Sorensen, Emily}, year={2019}, month={Oct}} 