@misc{perry_2021, title={Augmented Reality Contact Lens Startup Develops Apps With Early Adopters-to-Be},
url={https://spectrum.ieee.org/view-from-the-valley/consumer-electronics/audiovideo/startup-mojo-vision-has-the-earliest-adopters-of-augmented-reality-contact-lenses-in-its-sights}, 
journal={IEEE Spectrum: Technology, Engineering, and Science News}, author={Perry, Tekla S.}, year={2021}, month={Feb}} 

@misc{leswing_2021, title={The tech industry is looking to replace the smartphone - and everybody is waiting to see what Apple comes up with},url={https://www.cnbc.com/2021/02/20/apple-facebook-microsoft-battle-to-replace-smartphone-with-ar.html}, journal={CNBC}, publisher={CNBC}, author={Leswing, Kif}, year={2021}, month={Feb}}

@article{edsgcl.65176928220210221,
Abstract = {2021 FEB 21 (VerticalNews) -- By a News Reporter-Staff News Editor at VerticalNews Science -- Researchers from North Carolina State University and the University of Texas have developed and demonstrated [...]},
ISSN = {1944-2610},
Journal = {NewsRx Science},
Keywords = {North Carolina State University, Virtual reality technology, Virtual reality -- Research, Light-emitting diodes -- Research, Augmented Reality -- Research},
Pages = {518},
Title = {Photonics research makes smaller, more efficient VR, augmented reality tech possible.},
URL = {https://umasslowell.idm.oclc.org/login?url=http://search.ebscohost.com/login.aspx?direct=true&db=edsgao&AN=edsgcl.651769282&site=eds-live},
publisher={NewsRX LLC}, Year = {2021},}