 @misc{servidoni_2017, title={Android Basics - Activities and Fragments}, url={https://blog.avenuecode.com/android-basics-activities-fragments}, journal={Avenue Code Snippets}, author={Servidoni, Andr√©}, year={2017}, month={Feb}} 
 
 @article{nah2005value,
  title={The value of mobile applications: a utility company study},
  author={Nah, Fiona Fui-Hoon and Siau, Keng and Sheng, Hong},
  journal={Communications of the ACM},
  volume={48},
  number={2},
  pages={85--90},
  year={2005},
  publisher={ACM New York, NY, USA}
}